@book{LeCun2019,
    title = {Quand la machine apprend: La r{\'e}volution des neurones
             artificiels et de l'apprentissage profond},
    author = {LeCun, Yann},
    year = {2019},
    publisher = {Odile Jacob},
}

@article{vapnik1974theory,
    title = {Theory of pattern recognition},
    author = {Vapnik, Vladimir and Chervonenkis, Alexey},
    year = {1974},
    publisher = {Nauka, Moscow},
}

